@article{tilkov2010node,
  title={Node. js: Using JavaScript to build high-performance network programs},
  author={Tilkov, Stefan and Vinoski, Steve},
  journal={IEEE Internet Computing},
  number={6},
  pages={80--83},
  year={2010},
  publisher={IEEE}
}

@misc {hofram,
  author = {Clemens Maria Schuster},
  howpublished = "\url{http://hofrat.ch/2013/10/social-media-walls-und-twitter-walls-tools-und-anbieter/}",
  title = {Social Media Walls und Twitter Walls: Tools und Anbieter},
  year = {2014},
  note = "[Online; accessed 06-03-2015]"
}

@misc {redux,
  author = {Dan Abramov},
  howpublished = "\url{https://medium.com/@dan_abramov/the-evolution-of-flux-frameworks-6c16ad26bb31}",
  title = {The Evolution of Flux Frameworks},
  year = {2015},
  note = "[Online; accessed 06-07-2015]"
}

@misc {husl,
  author = {Alexei Boronine},
  howpublished = "\url{http://www.husl-colors.org/}",
  title = {HUSL Color Space},
  year = {2015},
  note = "[Online; accessed 06-07-2015]"
}

 @article{richerichkarma,
    author  = {Annika Richerich},
	  title = {‘KARMA, PRECIOUS KARMA!’ KARMAWHORING ON REDDIT AND THE FRONT PAGE’S ECONOMETRISATION},
    journal = {The Journal of Peer Production},
    issn = {2213-5316},
    url = {http://peerproduction.net/issues/issue-4-value-and-currency/peer-reviewed-articles/karma-precious-karma/},
    volume  = {4},
    year    = {2014}
 }

@incollection{meder2014daiknow,
  title={Daiknow: A gamified enterprise bookmarking system},
  author={Meder, Michael and Plumbaum, Till and Hopfgartner, Frank},
  booktitle={Advances in Information Retrieval},
  pages={759--762},
  year={2014},
  publisher={Springer}
}

@article{treisman1987merkmale,
  title={Merkmale und Gegenst{\"a}nde in der visuellen Verarbeitung},
  author={Treisman, Anne},
  journal={Spektrum der Wissenschaft},
  volume={1},
  number={1987},
  pages={72--82},
  year={1987}
}
